@ARTICLE{8433895,  author={B. {Karanov} and M. {Chagnon} and F. {Thouin} and T. A. {Eriksson} and H. {BÃ¼low} and D. {Lavery} and P. {Bayvel} and L. {Schmalen}},  journal={Journal of Lightwave Technology},   title={End-to-End Deep Learning of Optical Fiber Communications},   year={2018},  volume={36},  number={20},  pages={4843-4855}, doi={10.1109/JLT.2018.2865109},  ISSN={1558-2213},  month={Oct},}

